@inproceedings{abadi2007column,
  title={Column Stores for Wide and Sparse Data.},
  author={Abadi, Daniel J and others},
  booktitle={CIDR},
  pages={292--297},
  year={2007}
}

@article{gilbert2002brewer,
  title={Brewer's conjecture and the feasibility of consistent, available, partition-tolerant web services},
  author={Gilbert, Seth and Lynch, Nancy},
  journal={Acm Sigact News},
  volume={33},
  number={2},
  pages={51--59},
  year={2002},
  publisher={ACM}
}
@inproceedings{brewer2000towards,
  title={Towards robust distributed systems},
  author={Brewer, Eric A},
  booktitle={PODC},
  volume={7},
  year={2000}
}

@inproceedings{warnars2016datawarehouser,
  title={Datawarehouser: A Data Warehouse artist who have ability to understand data warehouse schema pictures},
  author={Warnars, Harco Leslie Hendric Spits and Randriatoamanana, Richard},
  booktitle={Region 10 Conference (TENCON), 2016 IEEE},
  pages={2205--2208},
  year={2016},
  organization={IEEE}
}

@article{codd1970relational,
  title={A relational model of data for large shared data banks},
  author={Codd, Edgar F},
  journal={Communications of the ACM},
  volume={13},
  number={6},
  pages={377--387},
  year={1970},
  publisher={ACM}
}

@article{leavitt2010will,
  title={Will NoSQL databases live up to their promise?},
  author={Leavitt, Neal},
  journal={Computer},
  volume={43},
  number={2},
  year={2010},
  publisher={IEEE}
}

@article{pritchett2008base,
  title={Base: An acid alternative},
  author={Pritchett, Dan},
  journal={Queue},
  volume={6},
  number={3},
  pages={48--55},
  year={2008},
  publisher={ACM}
}

@article{cattell2011scalable,
  title={Scalable SQL and NoSQL data stores},
  author={Cattell, Rick},
  journal={Acm Sigmod Record},
  volume={39},
  number={4},
  pages={12--27},
  year={2011},
  publisher={ACM}
}

@phdthesis{abadi2008query,
  title={Query execution in column-oriented database systems},
  author={Abadi, Daniel J},
  year={2008},
  school={Massachusetts Institute of Technology}
}

@inproceedings{decandia2007dynamo,
  title={Dynamo: amazon's highly available key-value store},
  author={DeCandia, Giuseppe and Hastorun, Deniz and Jampani, Madan and Kakulapati, Gunavardhan and Lakshman, Avinash and Pilchin, Alex and Sivasubramanian, Swaminathan and Vosshall, Peter and Vogels, Werner},
  booktitle={ACM SIGOPS operating systems review},
  volume={41},
  number={6},
  pages={205--220},
  year={2007},
  organization={ACM}
}

@misc{vertabelo2017olap,
	title = {OLTP vs. OLAP — What’s the Difference?},
	author = {Aldo Zelen},
	year = 2017,
	howpublished = "\url{https://academy.vertabelo.com/blog/oltp-vs-olap-whats-difference/}",
	note = {Acessado em: 12 de abril de 2018}
}

@INPROCEEDINGS{han2011nosql, 
author={Jing Han and Haihong E and Guan Le and Jian Du}, 
booktitle={2011 6th International Conference on Pervasive Computing and Applications}, 
title={Survey on NoSQL database}, 
year={2011}, 
volume={}, 
number={}, 
pages={363-366}, 
keywords={SQL;cloud computing;query processing;relational databases;CAP theorem;Internet;NoSQL database;SNS;cloud computing;data model;high-concurrency applications;query dynamic user data;relational database;search engines;Blogs;Computational modeling;Databases;Facebook;Reliability;Big Data;NoSQL;column-oriented;database;document;key-value}, 
doi={10.1109/ICPCA.2011.6106531}, 
ISSN={}, 
month={Oct},}

@article{brito2010bancos,
  title={Bancos de dados NoSQL x SGBDs relacionais: an{\'a}lise comparativa},
  author={Brito, Ricardo W},
  journal={Faculdade Farias Brito e Universidade de Fortaleza},
  year={2010}
}

@book{wrembel2007data,
  title={Data warehouses and OLAP: concepts, architectures, and solutions},
  author={Wrembel, Robert and Koncilia, Christian},
  year={2007},
  publisher={Igi Global}
}

@article{bax2003modelagem,
  title={Modelagem Estratégica de Dados: Normalização versus "Dimensionalização"},
  author={Marcello Peixoto Bax and Roberto Souza},
  journal={KMBRASIL, Anais... S{\~a}o Paulo: SBGC},
  year={2003}
}

@article{codd1998providing,
  title={Providing olap (on-line analytical processing) to user-analysis: An it mandate},
  author={Codd, EF and Codd, SB and Salley, CT},
  journal={White paper},
  year={1993}
}

@BOOK{navathe2011banco,
  AUTHOR =		  {Ramez Elmasri and Shamkant B. Navathe},
  TITLE =		  {Sistemas de Banco de Dados},
  PUBLISHER =	  {Pearson Education do Brasil},
  YEAR =			  {2011},
  edition =		  {6}
}

@misc{good2017column,
	title = {Column Storage and Compression in Data Warehouse},
	author = {{Good Data Help}},
	year = 2017,
	url = {https://goo.gl/f1yeh8},
	note = {Acessado em: 12 de maio de 2017}
}

@book{kimball2002dw,
	title = {The Data Warehouse Toolkit: The Complete Guide to Dimensional Modeling},
	author = {Ralph Kimball and Margy Ross},
	year = 2002,
	publisher = {Wiley Computer Publishing},
	edition = {2}
}

@MANUAL{tpc2017specs,
  TITLE =		  {TPC BENCHMARK H Standard Specification. Revision 2.17.2},
  organization = {Transaction Processing Performance Council},
  address =		  {San Francisco},
  year =			  {2017},
	url = {https://goo.gl/uaRRcv},
	note = {Acessado em: 12 de maio de 2017}
}

@MISC{tpch2017page,
	title = {TPC-H Homepage},
	organization = {Transaction Processing Performance Council},
	year = 2017,
	url = {http://www.tpc.org/tpch/},
	note = {Acessado em: 19 de maio de 2017}
}

@MISC{tpc2017page,
	title = {TPC Homepage},
	organization = {Transaction Processing Performance Council},
	year = 2017,
	url = {http://www.tpc.org},
	note = {Acessado em: 12 de agosto de 2017}
}

@article{sen2005comparison,
  title={A comparison of data warehousing methodologies},
  author={Sen, Arun and Sinha, Atish P},
  journal={Communications of the ACM},
  volume={48},
  number={3},
  pages={79--84},
  year={2005},
  publisher={ACM}
}

@article{chaudhuri1997overview,
  title={An overview of data warehousing and OLAP technology},
  author={Chaudhuri, Surajit and Dayal, Umeshwar},
  journal={ACM Sigmod record},
  volume={26},
  number={1},
  pages={65--74},
  year={1997},
  publisher={ACM}
}

@article{bouckaert2010benchmarking,
  title={Benchmarking computers and computer networks},
  author={Bouckaert, Stefan and Gerwen, JVV and Moerman, Ingrid and Phillips, Stephen C and Wilander, Jerker},
  journal={EU FIRE White Paper},
  year={2010}
}

@article{levene2003snowflake,
  title={Why is the snowflake schema a good data warehouse design?},
  author={Levene, Mark and Loizou, George},
  journal={Information Systems},
  volume={28},
  number={3},
  pages={225--240},
  year={2003},
  publisher={Elsevier}
}

@inproceedings{stonebraker2005c,
  title={C-store: a column-oriented DBMS},
  author={Stonebraker, Mike and Abadi, Daniel J and Batkin, Adam and Chen, Xuedong and Cherniack, Mitch and Ferreira, Miguel and Lau, Edmond and Lin, Amerson and Madden, Sam and O'Neil, Elizabeth and others},
  booktitle={Proceedings of the 31st international conference on Very large data bases},
  pages={553--564},
  year={2005},
  organization={VLDB Endowment}
}

@book{inmon2005building,
  title={Building the data warehouse},
  author={Inmon, William H},
  year={2005},
  publisher={John wiley \& sons}
}

@article{shim2002past,
  title={Past, present, and future of decision support technology},
  author={Shim, Jung P and Warkentin, Merrill and Courtney, James F and Power, Daniel J and Sharda, Ramesh and Carlsson, Christer},
  journal={Decision support systems},
  volume={33},
  number={2},
  pages={111--126},
  year={2002},
  publisher={Elsevier}
}

@inproceedings{khoshafian1987query,
  title={A query processing strategy for the decomposed storage model},
  author={Khoshafian, Setrag and Copeland, George and Jagodits, Thomas and Boral, Haran and Valduriez, Patrick},
  booktitle={Data Engineering, 1987 IEEE Third International Conference on},
  pages={636--643},
  year={1987},
  organization={IEEE}
}

@inproceedings{abadi2006integrating,
  title={Integrating compression and execution in column-oriented database systems},
  author={Abadi, Daniel and Madden, Samuel and Ferreira, Miguel},
  booktitle={Proceedings of the 2006 ACM SIGMOD international conference on Management of data},
  pages={671--682},
  year={2006},
  organization={ACM}
}

@article{matei2010column,
  title={Column-oriented databases, an alternative for analytical environment},
  author={Matei, Gheorghe and Bank, Romanian Commercial},
  journal={Database Systems Journal},
  volume={1},
  number={2},
  pages={3--16},
  year={2010},
  publisher={Academy of Economic Studies-Bucharest, Romania}
}

% Column DB

@inproceedings{macnicol2004sybase,
  title={Sybase IQ multiplex-designed for analytics},
  author={MacNicol, Roger and French, Blaine},
  booktitle={Proceedings of the Thirtieth international conference on Very large data bases-Volume 30},
  pages={1227--1230},
  year={2004},
  organization={VLDB Endowment}
}

@MISC{vertica2017c,
	title = {Vertica},
	year = 2017,
	url = {https://www.vertica.com/},
	note = {Acessado em: 20 de agosto de 2017}
}

@MISC{monetdb2017c,
	title = {MonetDB -- The column-store pioneer},
	year = 2017,
	url = {https://www.monetdb.org/Home},
	note = {Acessado em: 20 de agosto de 2017}
}

%%%


% Benchmarking

@article{bhutta1999benchmarking,
  title={Benchmarking--best practices: an integrated approach},
  author={Bhutta, Khurrum S and Huq, Faizul},
  journal={Benchmarking: An International Journal},
  volume={6},
  number={3},
  pages={254--268},
  year={1999},
  publisher={MCB UP Ltd}
}

@article{kulmala1999benchmarking,
  title={Benchmarking ammatillisen aikuiskoulutuksen toiminnan kehitt{\"a}misen v{\"a}lineen{\"a}},
  author={Kulmala, Juhani},
  year={1999},
  publisher={Tampere University Press}
}

@article{ahmed1998integrated,
  title={Integrated benchmarking: a holistic examination of select techniques for benchmarking analysis},
  author={Ahmed, Pervaiz K and Rafiq, Mohammed},
  journal={Benchmarking for Quality Management \& Technology},
  volume={5},
  number={3},
  pages={225--242},
  year={1998},
  publisher={MCB UP Ltd}
}

@article{kyro2003revising,
  title={Revising the concept and forms of benchmarking},
  author={Kyr{\"o}, Paula},
  journal={Benchmarking: An International Journal},
  volume={10},
  number={3},
  pages={210--225},
  year={2003},
  publisher={MCB UP Ltd}
}

%%% Trabalhos com TPCH
 
@inproceedings{ngamsuriyaroj2010performance,
  title={Performance evaluation of TPC-H queries on MySQL Cluster},
  author={Ngamsuriyaroj, Sudsanguan and Pornpattana, Rangsan},
  booktitle={Advanced Information Networking and Applications Workshops (WAINA), 2010 IEEE 24th International Conference on},
  pages={1035--1040},
  year={2010},
  organization={IEEE}
}

@inproceedings{nadee2012performance,
  title={Performance evaluation of TPC-H queries on Java EE cluster},
  author={Nadee, Winai and Ngamsuriyaroj, Sudsanguan},
  booktitle={Computer Science and Software Engineering (JCSSE), 2012 International Joint Conference on},
  pages={385--390},
  year={2012},
  organization={IEEE}
}

@article{thanopoulou2012benchmarking,
  title={Benchmarking with TPC-H on off-the-shelf Hardware},
  author={Thanopoulou, Anna and Carreira, Paulo and Galhardas, Helena},
  journal={ICEIS (1)},
  pages={205--208},
  year={2012}
}

@inproceedings{barata2014ycsb,
  title={YCSB and TPC-H: Big Data and Decision Support Benchmarks},
  author={Barata, Melyssa and Bernardino, Jorge and Furtado, Pedro},
  booktitle={Big Data (BigData Congress), 2014 IEEE International Congress on},
  pages={800--801},
  year={2014},
  organization={IEEE}
}

@article{rutishauser2012tpc,
  title={TPC-H applied to MongoDB: How a NoSQL database performs},
  author={Rutishauser, Nico and Noureldin, Amr},
  year={2012},
  publisher={Feb}
}

@misc{sharding2018educative,
  title = {Sharding or Data Partitioning},
	year = 2018,
	url = {https://www.educative.io/collection/page/5668639101419520/5649050225344512\\/5146118144917504},
	note = {Acessado em: 20 de maio de 2018}

}

@article{chang2008bigtable,
  title={Bigtable: A distributed storage system for structured data},
  author={Chang, Fay and Dean, Jeffrey and Ghemawat, Sanjay and Hsieh, Wilson C and Wallach, Deborah A and Burrows, Mike and Chandra, Tushar and Fikes, Andrew and Gruber, Robert E},
  journal={ACM Transactions on Computer Systems (TOCS)},
  volume={26},
  number={2},
  pages={4},
  year={2008},
  publisher={ACM}
}

@misc{twitter2010,
  title = {Twitter growth prompts switch from MySQL to 'NoSQL' database},
	year = 2010,
	url = {https://www.computerworld.com/article/2520084/database-administration/twitter-growth-prompts-switch-from-mysql-to--nosql--database.html
},
	note = {Acessado em: 20 de maio de 2018}

}